@article{lidal,
        author = {Lidal and Endre M\o lster and Natali and Mattia and Patel and Daniel and Hauser and Helwig and Viola and Ivan},
        title = {Geological storytelling},
        journal = {Computers \& graphics},
        volume = {37},
        number = {445-459}
}

@misc{vpaint,
      howpublished = "\url{http://www.vpaint.org/}"

}

@misc{Section restoration,
      howpublished = "\url{https://en.wikipedia.org/wiki/Section_restoration}"
}


@misc{Balanced cross sections,
      howpublished = "\url{http://wiki.aapg.org/Balanced_cross_sections}"
}





@article{vgc,
        author = {Boris Dalstein and Remi Ronfard and Michiel Van De Panne},
        title = {Vector Graphics Complexes},
        journal = {ACM transactions on Graphics, Proceedings of ACM SIGGRAPH},
        year = {2014}
}

@article{vac,
        author = {Boris Dalstein and Remi Ronfard and Michiel Van De Panne},
        title = {Vector Graphics Animation with Time-Varying Topology},
        journal = {ACM Transactions on Graphics, Proceedings of ACM SIGGRAPH},
        volume = {34},
        number = {4},
        year = {2015}
}

@article{young,
        author = {Mark Riedl and Michael Young},
        title = {From Linear Story Generation to Branching Story Graphs},
        journal = {IEEE Computer Graphics and Applications Special Issue on Interactive Narrative},
        year = {2006}
}

@article{cherpeau,
        author = {Nicolas Cherpeau and Guillaume Caumon and Bruno Levyg},
        title = {Stochastic simulations of fault networks in 3D structural modeling},
        journal = {Comptes Rendus Géosciences, Acad ́emie des Sciences / Elsevier Masson},
        volume = {342},
        number = {9},
        pages = {687-694},
        year = {2010}
}

@article{brazil,
        author = {Amorim and Brazil and Samavati and Sousa},
        title = {3D geological modeling using sketches and annotations from geologic maps},
        journal = {Sketch-Based Interfaces and Modeling},
        year = {2014}	
}

@article{caltech,
        author = {Mathieu Desbrun and Peter Schr ̈oder and Alan Barr},
        title = {Interactive animation of structured deformable objects},
        journal = {Graphic Interface},
        year = {1999}	
}

@article{cloth,
        author = {Xavier Provot},
        title = {Deformation Constraints in a Mass-Spring Model to Describe Rigid Cloth Behavior},
        journal = {Graphic Interface},
        year = {1995}	
}